@misc{Hend,
	author = {Hendrix, Gary G.},
	title = {\textit{Natural-Language Interface}},
	year = {1982},
	note = {SRI International, California}
}

@misc{Gobi,
	author = {Chowdhury, Gobinda G.},
	title = {\textit{Natural language processing}},
	year = {2003},
	note = {American Society for Information Science and Technology}
}

@misc{Allen,
	author = {Allen, James F.},
	title = {\textit{Natural language processing}},
	year = {2003},
	note = {Published in Encyclopedia of Computer Science}
}

@misc{SR,
	author = {Lee, Chin-Hui and Soong, Frank K. and Paliwal, Kuldip K.},
	title = {\textit{Automatic Speech and Speaker Recognition, Advanced Topics}},
	year = {1996},
	note = {Kluwer Academic Publishers}
}

@online{Zork,
	author = {Webpage-name},
	title = {\textit{Internet Archive: Wayback Machine}},
	year = {1997},
	url = {https://web.archive.org/web/19970725223929/http://www.csd.uwo.ca/Infocom/Articles/NZT/zorkhist.html},
	urldate = {2016-04-15}
}

@misc{Example,
	author = {Lastname, firstname and Lastname1, firstname1 and Lastname2, firstname2},
	title = {\textit{Title}},
	year = {9001},
	note = {School or institute or other}
}

@online{UrlEx,
	author = {Webpage-name},
	title = {\textit{Title of what it is (video, article...)}},
	year = {9001},
	url = {https://www.youtube.com/watch?v=QBaOpfSL2YQ},
	urldate = {2016-02-24}
}